<collection xmlns="http://www.loc.gov/MARC21/slim">
<record>
  <leader>01572nam0a22002651i 450 </leader>
  <controlfield tag="001">IT\ICCU\CNCE\069581</controlfield>
  <controlfield tag="005">20070123000000.0</controlfield>
  <datafield tag="012" ind1=" " ind2=" ">
    <subfield code="a">e-o, m.m, i.5. pe,* (3) 1593 (R)</subfield>
    <subfield code="2">fei</subfield>
  </datafield>
  <datafield tag="100" ind1=" " ind2=" ">
    <subfield code="a">20070123d1593        0itac0103    ba</subfield>
  </datafield>
  <datafield tag="101" ind1=" " ind2=" ">
    <subfield code="a">ITA</subfield>
  </datafield>
  <datafield tag="102" ind1=" " ind2=" ">
    <subfield code="a">IT</subfield>
  </datafield>
  <datafield tag="200" ind1="1" ind2=" ">
    <subfield code="a">Officio, letanie, capitoli, et indulgenze della Compagnia del Santissimo nome di Dio. Ordinata nuouamente nella chiesa di San Seuero Maggiore di Napoli dell&apos;ordine de&apos;Predicatori, dal r.p.m. Paulino da Lucca dell&apos;istesso ordine di Riformati</subfield>
  </datafield>
  <datafield tag="210" ind1=" " ind2=" ">
    <subfield code="a">In Napoli</subfield>
    <subfield code="c">appreso Gio. Tomaso Aulisio</subfield>
    <subfield code="d">1593</subfield>
  </datafield>
  <datafield tag="215" ind1=" " ind2=" ">
    <subfield code="a">\6!, 66 p.</subfield>
    <subfield code="c">ill.</subfield>
    <subfield code="d">12ʻ</subfield>
  </datafield>
  <datafield tag="300" ind1=" " ind2=" ">
    <subfield code="a">A c. E1 altro front.: Origine, capitoli, indulgenze, et orationi, della Compagnia del Santissimo rosario ... - In Napoli : appresso Gio. Tomaso Aulisio, 1593</subfield>
  </datafield>
  <datafield tag="423" ind1=" " ind2="0">
    <subfield code="1">001IT\ICCU\CNCE\069582</subfield>
    <subfield code="1">2001 </subfield>
    <subfield code="a">Origine, capitoli, indulgenze, et orationi, della Compagnia del Santissimo rosario ...</subfield>
  </datafield>
  <datafield tag="620" ind1=" " ind2=" ">
    <subfield code="a">IT</subfield>
    <subfield code="d">Napoli</subfield>
  </datafield>
  <datafield tag="710" ind1="0" ind2="2">
    <subfield code="a">Confraternita del SS. Nome di Dio</subfield>
    <subfield code="c"> &lt;Napoli&gt;</subfield>
    <subfield code="3">3928</subfield>
  </datafield>
  <datafield tag="712" ind1="0" ind2="2">
    <subfield code="a">Confraternita del SS. Rosario</subfield>
    <subfield code="c"> &lt;Napoli&gt;</subfield>
    <subfield code="3">IT\ICCU\CNCT\003945</subfield>
  </datafield>
  <datafield tag="712" ind1="0" ind2="0">
    <subfield code="a">Aulisio, Giovanni Tommaso</subfield>
    <subfield code="3">IT\ICCU\CNCT\000559</subfield>
    <subfield code="4">650</subfield>
  </datafield>
  <datafield tag="791" ind1="0" ind2="2">
    <subfield code="a">Compagnia del Psalterio</subfield>
    <subfield code="c"> &lt;Napoli&gt;</subfield>
    <subfield code="3">IT\ICCU\CNCT\003946</subfield>
    <subfield code="z">Confraternita del SS. Rosario &lt;Napoli&gt;</subfield>
  </datafield>
  <datafield tag="791" ind1="0" ind2="2">
    <subfield code="a">Confraternita del Psalterio</subfield>
    <subfield code="c"> &lt;Napoli&gt;</subfield>
    <subfield code="3">IT\ICCU\CNCT\003947</subfield>
    <subfield code="z">Confraternita del SS. Rosario &lt;Napoli&gt;</subfield>
  </datafield>
  <datafield tag="791" ind1="0" ind2="0">
    <subfield code="a">Aulisius, Ioannes Thomas</subfield>
    <subfield code="3">IT\ICCU\CNCT\004267</subfield>
    <subfield code="z">Aulisio, Giovanni Tommaso</subfield>
  </datafield>
  <datafield tag="801" ind1=" " ind2="3">
    <subfield code="a">IT</subfield>
    <subfield code="b">ICCU</subfield>
    <subfield code="c">20201115</subfield>
  </datafield>
  <datafield tag="899" ind1=" " ind2=" ">
    <subfield code="a">Biblioteca Apostolica Vaticana. Citt ̉del Vaticano</subfield>
    <subfield code="1">EX0001</subfield>
    <subfield code="2">ZCV 01</subfield>
  </datafield>
</record>
</collection>
